@misc{vgamanual,
  author       = {IBM},
  title        = {VGA Technical Reference Manual},
  year         = {1992},
  howpublished = {\url{http://www.bitsavers.org/pdf/ibm/pc/cards/IBM_VGA_XGA_Technical_Reference_Manual_May92.pdf}},
}

@misc{qemucards,
  author       = {Gerd Hoffman},
  title        = {VGA and other display devices in QEMU},
  year         = {2019},
  howpublished = {\url{https://www.kraxel.org/blog/2019/09/display-devices-in-qemu/}}
}

@misc{osdevvga,
  key          = {OSDEV},
  title        = {VGA Hardware},
  year         = {2020},
  howpublished = {\url{https://wiki.osdev.org/VGA_Hardware}}
}

@misc{freevga,
  author       = {J. D. Neal},
  title        = {VGA Chipset Reference},
  year         = {1998},
  howpublished = {\url{http://www.osdever.net/FreeVGA/vga/vga.htm}}
}

@misc{qemusource,
  author       = {QEMU},
  howpublished = {\url{https://github.com/qemu/qemu/tree/e750c10167fa8ad3fcc98236a474c46e52e7c18c}},
  title        = {QEMU Source Code - commit e750c10167},
  year         = {2021}
}

@misc{figure:pciecamheader,
  author       = {},
  howpublished = {\url{https://upload.wikimedia.org/wikipedia/commons/c/ca/Pci-config-space.svg}},
  title        = {PCI Configuration Space Header},
  year         = {}
}

@misc{devicetree,
  author       = {Grant Likely},
  howpublished = {\url{https://www.kernel.org/doc/html/latest/devicetree/usage-model.html}},
  title        = {Linux and the Devicetree},
  year         = {}
}

@misc{windowsapi:window,
  author       = {Microsoft},
  howpublished = {\url{https://docs.microsoft.com/en-us/windows/win32/learnwin32/creating-a-window}},
  title        = {Creating a Window},
  year         = {2021}
}

@misc{Xorg,
  author       = {Xorg},
  howpublished = {\url{https://www.x.org/wiki/}},
  title        = {X.Org Foundation},
  year         = {}
}

@misc{vscode,
  author       = {Microsoft},
  howpublished = {\url{https://code.visualstudio.com/}},
  title        = {Visual Studio Code},
  year         = {2022}
}

@misc{xv6:code,
  author       = {MIT},
  howpublished = {\url{https://github.com/mit-pdos/xv6-riscv}},
  title        = {Xv6 source code},
  year         = {2021}
}

@misc{xv6:book,
  author       = {MIT},
  howpublished = {\url{https://pdos.csail.mit.edu/6.S081/2021/xv6/book-riscv-rev2.pdf}},
  title        = {Xv6 book},
  year         = {2021}
}

@misc{hifiveunmatched,
  author       = {SiFive},
  howpublished = {\url{https://sifive.cdn.prismic.io/sifive/d0556df9-55c6-47a8-b0f2-4b1521546543_hifive-unmatched-datasheet.pdf}},
  title        = {HiFive Unmatched Datasheet},
  year         = {}
}